<?xml version="1.0" encoding="UTF-8"?><record xmlns="http://www.loc.gov/MARC21/slim" xmlns:cinclude="http://apache.org/cocoon/include/1.0" xmlns:zs="http://www.loc.gov/zing/srw/">
  <leader>00630cz  a2200193n  4500</leader>
  <controlfield tag="001">no 99051164 </controlfield>
  <controlfield tag="003">DLC</controlfield>
  <controlfield tag="005">20130319175122.0</controlfield>
  <controlfield tag="008">990719n| azannaabn          |a aaa     c</controlfield>
  <datafield tag="010" ind1=" " ind2=" ">
    <subfield code="a">no 99051164 </subfield>
  </datafield>
  <datafield tag="035" ind1=" " ind2=" ">
    <subfield code="a">(OCoLC)oca05029696</subfield>
  </datafield>
  <datafield tag="040" ind1=" " ind2=" ">
    <subfield code="a">FMU</subfield>
    <subfield code="b">eng</subfield>
    <subfield code="e">rda</subfield>
    <subfield code="c">FMU</subfield>
    <subfield code="d">DLC</subfield>
  </datafield>
  <datafield tag="046" ind1=" " ind2=" ">
    <subfield code="f">1891</subfield>
  </datafield>
  <datafield tag="100" ind1="1" ind2=" ">
    <subfield code="a">Reeder, Ward G.</subfield>
    <subfield code="q">(Ward Glen),</subfield>
    <subfield code="d">1891-</subfield>
  </datafield>
  <datafield tag="378" ind1=" " ind2=" ">
    <subfield code="q">Ward Glen</subfield>
  </datafield>
  <datafield tag="400" ind1="1" ind2=" ">
    <subfield code="w">nnea</subfield>
    <subfield code="a">Reeder, Ward G.</subfield>
    <subfield code="q">(Ward Glen),</subfield>
    <subfield code="d">b. 1891</subfield>
  </datafield>
  <datafield tag="400" ind1="1" ind2=" ">
    <subfield code="w">nnaa</subfield>
    <subfield code="a">Reeder, Ward Glen,</subfield>
    <subfield code="d">1891-</subfield>
  </datafield>
  <datafield tag="670" ind1=" " ind2=" ">
    <subfield code="a">A first course in education, 1927:</subfield>
    <subfield code="b">t.p. (Ward G. Reeder)</subfield>
  </datafield>
  <datafield tag="670" ind1=" " ind2=" ">
    <subfield code="a">OCLC, July 19, 1999</subfield>
    <subfield code="b">(hdg.: Reeder, Ward Glen, 1891- ; usage: Ward G. Reeder)</subfield>
  </datafield>
</record>